@misc{oss-fuzz:tmux_project_yaml,
  author = {Nicholas Marriott},
  title = {OSS-Fuzz Configuration for tmux},
  year = {2025},
  publisher = {GitHub},
  journal = {GitHub repository},
  howpublished = {\url{
                  https://github.com/google/oss-fuzz/blob/master/projects/tmux/project.yaml
                  }},
  note = {Accessed: 2025-04-25},
}

@misc{tmux:client-c,
  author       = {Nicholas Marriott},
  title        = {{tmux:} client.c},
  year         = {2025},
  howpublished = {\url{https://github.com/tmux/tmux/blob/master/client.c}},
  note         = {GitHub repository, accessed 2025-05-05}
}

@misc{tmux:server-c,
  author       = {Nicholas Marriott},
  title        = {{tmux:} server.c},
  year         = {2025},
  howpublished = {\url{https://github.com/tmux/tmux/blob/master/server.c}},
  note         = {GitHub repository, accessed 2025-05-05}
}

@misc{tmux:tmux-fuzzing-corpus,
  author = {Nicholas Marriott},
  title = {tmux-fuzzing-corpus},
  year = {2021},
  publisher = {GitHub},
  journal = {GitHub repository},
  howpublished = {\url{https://github.com/tmux/tmux-fuzzing-corpus}},
  note = {Accessed: 2025-04-25},
}
